@inproceedings{Chaslot2008,
author= {Chaslot, G. and Bakkes, S. and Szita, I. and Spronck, P.},
title = {Monte-Carlo Tree Search: A New Framework for Game AI},
booktitle = {Proceedings of the Fourth Artificial Intelligence and Interactive Digital Entertainment Conference},
month = {Oktober},
year = {2008}
}

@inproceedings{Browne2012,
author= {Browne, C. B. and Powley, E. and Whitehouse, D. and Lucas, S. M. and Cowling, P. I. and Rohlfshagen, P. and Tavener, S. and Perez, D. and Samthrakis S. and Colton, S.},
title = {A Survey Of Monte Carlo Tree Search Methods},
booktitle = {IEEE Transactions on Computational Intelligence and AI in games},
month = {März},
year = {2012},
volume = {4(1)},
pages = {1-43}
}

@inproceedings{Silver2017,
author= {Silver, D. and Schrittwieser, J. and Simonyan, K. and Antonoglou, I. and Huang, A. and Guez, A. and Hubert, T. and Baker, L. and Lai, M. and Bolton, A. and Chen, Y. and Lillicrap, T. and Hui, F. and Sifre, L. and van den Driessche, G. and Graepel, T. and Hassabis, D.},
title = {Mastering The Game of Go without Human Knowledge},
booktitle = {nature},
month = {März},
year = {2017},
volume = {550(7676)},
pages = {354-359}
}
